Month,Sales,Advertising,Employees
2025-01-31,4174,830,6
2025-02-28,4507,1982,16
2025-03-31,1860,587,9
2025-04-30,2294,1896,5
2025-05-31,2130,1623,16
2025-06-30,2095,1371,14
2025-07-31,4772,630,10
2025-08-31,4092,1832,17
2025-09-30,2638,1269,16
2025-10-31,3169,843,13
2025-11-30,1466,1937,5
2025-12-31,2238,1305,15
